@phdthesis {hafiz_2011,
	title  = {Executable attribute grammars for modular and efficient natural language processing},
	author = {Hafiz, Rahmatullah},
	year   = {2011},
	school = {University of Windsor, Canada}
}

@book {slonneger_1995,
	title     = {Formal syntax and semantics of programming languages},
	author    = {Slonneger, Kenneth and Kurtz, Barry L},
	volume    = {340},
	year      = {1995},
	publisher = {Addison-Wesley Reading}
}

@inproceedings {thirunarayan_2009,
	author    = {Thirunarayan, Krishnaprasad},
	editor    = {Deransart, P. and Jourdan, M.},
	title     = {Attribute Grammars and Their Applications},
	booktitle = {Attribute Grammars and their Applications},
	year      = {1990},
	publisher = {Springer Berlin Heidelberg},
	address   = {Berlin, Heidelberg},
	isbn      = {978-3-540-46666-6}
}

@article {horakova_2014,
	title   = {La concordancia nominal de g{\'e}nero en las oraciones atributivas del espa{\~n}ol: una descripci{\'o}n formal con gram{\'a}ticas de atributos},
	author  = {Hor{\'a}kov{\'a}, Petra and Gomar, Juan Pedro Cabanilles},
	journal = {Entrepalavras},
	volume  = {4},
	number  = {1},
	pages   = {118--136},
	year    = {2014}
}

@inproceedings {donald_1990,
	author    = {Knuth, Donald E.},
	editor    = {Deransart, P. and Jourdan, M.},
	title     = {The genesis of attribute grammars},
	booktitle = {Attribute Grammars and their Applications},
	year      = {1990},
	publisher = {Springer Berlin Heidelberg},
	address   = {Berlin, Heidelberg},
	pages     = {1--12},
	isbn      = {978-3-540-46666-6}
}

@inproceedings {barros_2017,
	title        = {Applying attribute grammars to teach linguistic rules},
	author       = {Barros, Patr{\'\i}cia Amorim and Varanda Pereira, Maria Jo{\~a}o and Henriques, Pedro Rangel},
	booktitle    = {6th Symposium on Languages, Applications and Technologies (SLATE 2017)},
	year         = {2017},
	organization = {Schloss Dagstuhl-Leibniz-Zentrum fuer Informatik}
}

@article {van_2000,
	title     = {Domain-Specific Languages: An Annotated Bibliography},
	author    = {van Deursen, Arie and Klint, Paul and Visser, Joost},
	journal   = {ACM Sigplan Notices},
	volume    = {35},
	number    = {6},
	pages     = {26–36},
	year      = {2000},
	publisher = {Association for Computing Machinery},
}

@article {bruce_1997,
	title  = {What makes a good domain-specific language? APOSTLE, and its approach to parallel discrete event simulation},
	author = {Bruce, David},
	pages  = {17--35},
	year   = {1997}
}

@article {bentley_1986,
	title     = {Programming Pearls: Little Languages},
	author    = {Bentley, Jon},
	journal   = {Commun. ACM},
	volume    = {29},
	number    = {8},
	pages     = {711–721},
	year      = {1986},
	publisher = {Association for Computing Machinery}
}

@article {pereira_2016,
	title     = {Ontological approach for DSL development},
	author    = {Pereira, Maria Jo{\~a}o Varanda and Fonseca, Jo{\~a}o and Henriques, Pedro Rangel},
	journal   = {Computer Languages, Systems \& Structures},
	volume    = {45},
	pages     = {35--52},
	year      = {2016},
	publisher = {Elsevier}
}

@article {sierra_2006,
	title     = {A prolog framework for the rapid prototyping of language processors with attribute grammars},
	author    = {Sierra, Jos{\'e} Luis and Fern{\'a}ndez-Valmayor, Alfredo},
	journal   = {Electronic Notes in Theoretical Computer Science},
	volume    = {164},
	number    = {2},
	pages     = {19--36},
	year      = {2006},
	publisher = {Elsevier}
}

@article {oliveira_2009,
	title  = {VisualLISA: A Visual Environment to Develop Attribute Grammars},
	author = {Oliveira, Nuno and Pereira, Maria Jo{\~a}o Varanda and Henriques, Pedro Rangel and da Cruz, Daniela and Cramer, Bastian},
	year   = {2009},
}

